@inproceedings{ekstrand2002bandwidth,
  title={Bandwidth extension of audio signals by spectral band replication},
  author={Ekstrand, Per},
  booktitle={in Proceedings of the 1st IEEE Benelux Workshop on Model Based Processing and Coding of Audio (MPCA’02)},
  year={2002},
  organization={Citeseer}
}

@book{proakis2006dimitris,
  title={Dimitris. G, Manolakis - Digital Signal Processing},
  author={Proakis, John G},
  publisher={Prentice Hall, New Jersey1996},
  year={2006}
}

@inproceedings{birnbaum2019temporal,
  title={Temporal FiLM: Capturing Long-Range Sequence Dependencies with Feature-Wise Modulations.},
  author={Birnbaum, Sawyer and Kuleshov, Volodymyr and Enam, Zayd and Koh, Pang Wei W and Ermon, Stefano},
  booktitle={Advances in Neural Information Processing Systems},
  pages={10287--10298},
  year={2019}
}

@inproceedings{wang2018speech,
  title={Speech super-resolution using parallel wavenet},
  author={Wang, Mu and Wu, Zhiyong and Kang, Shiyin and Wu, Xixin and Jia, Jia and Su, Dan and Yu, Dong and Meng, Helen},
  booktitle={2018 11th International Symposium on Chinese Spoken Language Processing (ISCSLP)},
  pages={260--264},
  year={2018},
  organization={IEEE}
}

@article{cheng1994statistical,
  title={Statistical recovery of wideband speech from narrowband speech},
  author={Cheng, Yan Ming and O'Shaughnessy, Douglas and Mermelstein, Paul},
  journal={IEEE Transactions on Speech and Audio Processing},
  volume={2},
  number={4},
  pages={544--548},
  year={1994},
  publisher={IEEE}
}

@inproceedings{park2000narrowband,
  title={Narrowband to wideband conversion of speech using GMM based transformation},
  author={Park, Kun-Youl and Kim, Hyung Soon},
  booktitle={2000 IEEE international conference on acoustics, speech, and signal processing. Proceedings (Cat. No. 00CH37100)},
  volume={3},
  pages={1843--1846},
  year={2000},
  organization={IEEE}
}

@inproceedings{pulakka2011speech,
  title={Speech bandwidth extension using gaussian mixture model-based estimation of the highband mel spectrum},
  author={Pulakka, Hannu and Remes, Ulpu and Palom{\"a}ki, Kalle and Kurimo, Mikko and Alku, Paavo},
  booktitle={2011 IEEE International Conference on Acoustics, Speech and Signal Processing (ICASSP)},
  pages={5100--5103},
  year={2011},
  organization={IEEE}
}

@article{freeman2002example,
  title={Example-based super-resolution},
  author={Freeman, William T and Jones, Thouis R and Pasztor, Egon C},
  journal={IEEE Computer graphics and Applications},
  volume={22},
  number={2},
  pages={56--65},
  year={2002},
  publisher={IEEE}
}

@inproceedings{li2015dnn,
  title={DNN-based speech bandwidth expansion and its application to adding high-frequency missing features for automatic speech recognition of narrowband speech},
  author={Li, Kehuang and Huang, Zhen and Xu, Yong and Lee, Chin-Hui},
  booktitle={Sixteenth Annual Conference of the International Speech Communication Association},
  year={2015}
}

@inproceedings{kuleshov2017audio,
  title={Audio super-resolution using neural nets},
  author={Kuleshov, Volodymyr and Enam, S Zayd and Ermon, Stefano},
  booktitle={ICLR (Workshop Track)},
  year={2017}
}

@inproceedings{jax2003artificial,
  title={Artificial bandwidth extension of speech signals using MMSE estimation based on a hidden Markov model},
  author={Jax, Peter and Vary, Peter},
  booktitle={2003 IEEE International Conference on Acoustics, Speech, and Signal Processing, 2003. Proceedings.(ICASSP'03).},
  volume={1},
  pages={I--I},
  year={2003},
  organization={IEEE}
}

@article{song2009study,
  title={A study of HMM-based bandwidth extension of speech signals},
  author={Song, Geun-Bae and Martynovich, Pavel},
  journal={Signal Processing},
  volume={89},
  number={10},
  pages={2036--2044},
  year={2009},
  publisher={Elsevier}
}
@inproceedings{eskimez2019speech,
  title={Speech super resolution generative adversarial network},
  author={Eskimez, Sefik Emre and Koishida, Kazuhito},
  booktitle={ICASSP 2019-2019 IEEE International Conference on Acoustics, Speech and Signal Processing (ICASSP)},
  pages={3717--3721},
  year={2019},
  organization={IEEE}
}
@article{mescheder2018training,
  title={Which training methods for GANs do actually converge?},
  author={Mescheder, Lars and Geiger, Andreas and Nowozin, Sebastian},
  journal={arXiv preprint arXiv:1801.04406},
  year={2018}
}
@inproceedings{lim2018time,
  title={Time-frequency networks for audio super-resolution},
  author={Lim, Teck Yian and Yeh, Raymond A and Xu, Yijia and Do, Minh N and Hasegawa-Johnson, Mark},
  booktitle={2018 IEEE International Conference on Acoustics, Speech and Signal Processing (ICASSP)},
  pages={646--650},
  year={2018},
  organization={IEEE}
}

@article{yamagishi2019cstr,
  title={CSTR VCTK Corpus: English Multi-speaker Corpus for CSTR Voice Cloning Toolkit (version 0.92)},
  author={Yamagishi, Junichi and Veaux, Christophe and MacDonald, Kirsten and others},
  year={2019},
  publisher={University of Edinburgh. The Centre for Speech Technology Research (CSTR)}
}

@inproceedings{pathak2016context,
  title={Context encoders: Feature learning by inpainting},
  author={Pathak, Deepak and Krahenbuhl, Philipp and Donahue, Jeff and Darrell, Trevor and Efros, Alexei A},
  booktitle={Proceedings of the IEEE conference on computer vision and pattern recognition},
  pages={2536--2544},
  year={2016}
}

@inproceedings{yeh2017semantic,
  title={Semantic image inpainting with deep generative models},
  author={Yeh, Raymond A and Chen, Chen and Yian Lim, Teck and Schwing, Alexander G and Hasegawa-Johnson, Mark and Do, Minh N},
  booktitle={Proceedings of the IEEE conference on computer vision and pattern recognition},
  pages={5485--5493},
  year={2017}
}

@inproceedings{shi2016real,
  title={Real-time single image and video super-resolution using an efficient sub-pixel convolutional neural network},
  author={Shi, Wenzhe and Caballero, Jose and Husz{\'a}r, Ferenc and Totz, Johannes and Aitken, Andrew P and Bishop, Rob and Rueckert, Daniel and Wang, Zehan},
  booktitle={Proceedings of the IEEE conference on computer vision and pattern recognition},
  pages={1874--1883},
  year={2016}
}

@inproceedings{zhang2016colorful,
  title={Colorful image colorization},
  author={Zhang, Richard and Isola, Phillip and Efros, Alexei A},
  booktitle={European conference on computer vision},
  pages={649--666},
  year={2016},
  organization={Springer}
}

@article{aytar2016soundnet,
  title={Soundnet: Learning sound representations from unlabeled video},
  author={Aytar, Yusuf and Vondrick, Carl and Torralba, Antonio},
  journal={Advances in neural information processing systems},
  volume={29},
  pages={892--900},
  year={2016}
}

@article{dumoulin2016learned,
  title={A learned representation for artistic style},
  author={Dumoulin, Vincent and Shlens, Jonathon and Kudlur, Manjunath},
  journal={arXiv preprint arXiv:1610.07629},
  year={2016}
}

@inproceedings{perez2018film,
  title={Film: Visual reasoning with a general conditioning layer},
  author={Perez, Ethan and Strub, Florian and De Vries, Harm and Dumoulin, Vincent and Courville, Aaron},
  booktitle={Proceedings of the AAAI Conference on Artificial Intelligence},
  volume={32},
  number={1},
  year={2018}
}
@article{ioffe2015batch,
  title={Batch normalization: Accelerating deep network training by reducing internal covariate shift},
  author={Ioffe, Sergey and Szegedy, Christian},
  journal={arXiv preprint arXiv:1502.03167},
  year={2015}
}

@article{kim2017dynamic,
  title={Dynamic layer normalization for adaptive neural acoustic modeling in speech recognition},
  author={Kim, Taesup and Song, Inchul and Bengio, Yoshua},
  journal={arXiv preprint arXiv:1707.06065},
  year={2017}
}
@inproceedings{hu2018squeeze,
  title={Squeeze-and-excitation networks},
  author={Hu, Jie and Shen, Li and Sun, Gang},
  booktitle={Proceedings of the IEEE conference on computer vision and pattern recognition},
  pages={7132--7141},
  year={2018}
}

@article{yu2015multi,
  title={Multi-scale context aggregation by dilated convolutions},
  author={Yu, Fisher and Koltun, Vladlen},
  journal={arXiv preprint arXiv:1511.07122},
  year={2015}
}

@incollection{kamath2019automatic,
  title={Automatic Speech Recognition},
  author={Kamath, Uday and Liu, John and Whitaker, James},
  booktitle={Deep Learning for NLP and Speech Recognition},
  pages={369--404},
  year={2019},
  publisher={Springer}
}

@inproceedings{han2013comparison,
  title={Comparison of commonly used image interpolation methods},
  author={Han, Dianyuan},
  booktitle={Proceedings of the 2nd international conference on computer science and electronics engineering},
  pages={1556--1559},
  year={2013},
  organization={Atlantis Press}
}

@incollection{christensen2019sound,
  title={What Is Sound?},
  author={Christensen, Mads G},
  booktitle={Introduction to Audio Processing},
  pages={1--17},
  year={2019},
  publisher={Springer}
}
@incollection{christensen2019wave,
  title={The Wave Equation},
  author={Christensen, Mads G},
  booktitle={Introduction to Audio Processing},
  pages={19--30},
  year={2019},
  publisher={Springer}
}

@book{goodfellow2016deep,
  title={Deep learning},
  author={Goodfellow, Ian and Bengio, Yoshua and Courville, Aaron and Bengio, Yoshua},
  volume={1},
  number={2},
  year={2016},
  publisher={MIT press Cambridge}
}

@article{rai2019editor,
  title={Editor's comments: next-generation digital platforms: toward human--AI hybrids},
  author={Rai, Arun and Constantinides, Panos and Sarker, Saonee},
  journal={Mis Quarterly},
  volume={43},
  number={1},
  pages={iii--x},
  year={2019},
  publisher={Society for Information Management and The Management Information Systems~…}
}

@article{ILSVRC15,
Author = {Olga Russakovsky and Jia Deng and Hao Su and Jonathan Krause and Sanjeev Satheesh and Sean Ma and Zhiheng Huang and Andrej Karpathy and Aditya Khosla and Michael Bernstein and Alexander C. Berg and Li Fei-Fei},
Title = {{ImageNet Large Scale Visual Recognition Challenge}},
Year = {2015},
journal   = {International Journal of Computer Vision (IJCV)},
doi = {10.1007/s11263-015-0816-y},
volume={115},
number={3},
pages={211-252}
}
@incollection{hady2013semi,
  title={Semi-supervised learning},
  author={Hady, Mohamed Farouk Abdel and Schwenker, Friedhelm},
  booktitle={Handbook on Neural Information Processing},
  pages={215--239},
  year={2013},
  publisher={Springer}
}

@article{amari1993backpropagation,
  title={Backpropagation and stochastic gradient descent method},
  author={Amari, Shun-ichi},
  journal={Neurocomputing},
  volume={5},
  number={4-5},
  pages={185--196},
  year={1993},
  publisher={Elsevier}
}

@article{kiefer1952stochastic,
  title={Stochastic estimation of the maximum of a regression function},
  author={Kiefer, Jack and Wolfowitz, Jacob and others},
  journal={The Annals of Mathematical Statistics},
  volume={23},
  number={3},
  pages={462--466},
  year={1952},
  publisher={Institute of Mathematical Statistics}
}
@article{kingma2014adam,
  title={Adam: A method for stochastic optimization},
  author={Kingma, Diederik P and Ba, Jimmy},
  journal={arXiv preprint arXiv:1412.6980},
  year={2014}
}

@inproceedings{dozat2016incorporating,
  title={Incorporating Nesterov Momentum into Adam},
  author={Timothy Dozat},
  year={2015}
}

@article{wu2015deep,
  title={Deep image: Scaling up image recognition},
  author={Wu, Ren and Yan, Shengen and Shan, Yi and Dang, Qingqing and Sun, Gang},
  journal={arXiv preprint arXiv:1501.02876},
  volume={7},
  number={8},
  year={2015}
}

@article{srivastava2014dropout,
  title={Dropout: a simple way to prevent neural networks from overfitting},
  author={Srivastava, Nitish and Hinton, Geoffrey and Krizhevsky, Alex and Sutskever, Ilya and Salakhutdinov, Ruslan},
  journal={The journal of machine learning research},
  volume={15},
  number={1},
  pages={1929--1958},
  year={2014},
  publisher={JMLR. org}
}

@inproceedings{zeiler2014visualizing,
  title={Visualizing and understanding convolutional networks},
  author={Zeiler, Matthew D and Fergus, Rob},
  booktitle={European conference on computer vision},
  pages={818--833},
  year={2014},
  organization={Springer}
}
@article{krizhevsky2012imagenet,
  title={Imagenet classification with deep convolutional neural networks},
  author={Krizhevsky, Alex and Sutskever, Ilya and Hinton, Geoffrey E},
  journal={Advances in neural information processing systems},
  volume={25},
  pages={1097--1105},
  year={2012}
}

@techreport{rumelhart1985learning,
  title={Learning internal representations by error propagation},
  author={Rumelhart, David E and Hinton, Geoffrey E and Williams, Ronald J},
  year={1985},
  institution={California Univ San Diego La Jolla Inst for Cognitive Science}
}

@article{werbos1990backpropagation,
  title={Backpropagation through time: what it does and how to do it},
  author={Werbos, Paul J},
  journal={Proceedings of the IEEE},
  volume={78},
  number={10},
  pages={1550--1560},
  year={1990},
  publisher={IEEE}
}

@article{hochreiter1997long,
  title={Long short-term memory},
  author={Hochreiter, Sepp and Schmidhuber, J{\"u}rgen},
  journal={Neural computation},
  volume={9},
  number={8},
  pages={1735--1780},
  year={1997},
  publisher={MIT Press}
}

@article{chung2014empirical,
  title={Empirical evaluation of gated recurrent neural networks on sequence modeling},
  author={Chung, Junyoung and Gulcehre, Caglar and Cho, KyungHyun and Bengio, Yoshua},
  journal={arXiv preprint arXiv:1412.3555},
  year={2014}
}

@article{gray1976distance,
  title={Distance measures for speech processing},
  author={Gray, Augustine and Markel, John},
  journal={IEEE Transactions on Acoustics, Speech, and Signal Processing},
  volume={24},
  number={5},
  pages={380--391},
  year={1976},
  publisher={IEEE}
}

@article{hannun2014deep,
  title={Deep speech: Scaling up end-to-end speech recognition},
  author={Hannun, Awni and Case, Carl and Casper, Jared and Catanzaro, Bryan and Diamos, Greg and Elsen, Erich and Prenger, Ryan and Satheesh, Sanjeev and Sengupta, Shubho and Coates, Adam and others},
  journal={arXiv preprint arXiv:1412.5567},
  year={2014}
}

@inproceedings{morris2004and,
  title={From WER and RIL to MER and WIL: improved evaluation measures for connected speech recognition},
  author={Morris, Andrew Cameron and Maier, Viktoria and Green, Phil},
  booktitle={Eighth International Conference on Spoken Language Processing},
  year={2004}
}
@book{steidl2009automatic,
  title={Automatic classification of emotion related user states in spontaneous children's speech},
  author={Steidl, Stefan},
  year={2009},
  publisher={Logos-Verlag}
}

@book{mitchell1997machine,
  title={Machine Learning},
  author={Mitchell, TM},
  publisher={McGraw Hill},
  year={1997}
}

@book{avanzini2005fundamentals,
  title={Fundamentals of digital audio processing},
  author={Avanzini, Federico and De Poli, Giovanni},
  publisher ={Creative Commons},
  year={2005}
}
